@book{cg,
  title={Computational Geometry: Algorithms and Applications},
  author={de Berg, M.},
  isbn={9783540656203},
  lccn={99089215},
  url={https://books.google.be/books?id=C8zaAWuOIOcC},
  year={2000},
  publisher={Springer}
}
